@MISC{rogers,
    author = {Rogers Communications Inc.},
    title = {Rogers introduces leapfrog, global cybersecurity solutions as a service to protect Canadian businesses},
    year = {December 16, 2015},
    howpublished = {\url{http://www.theglobeandmail.com/globe-investor/news-sources/?mid=cnw.20151216.C8355}}
}

@MISC{security-cost,
    author = {Patrick Clark},
    title = {The Bill for Cybersecurity: $57,600 a Year},
    year = {October 31, 2014},
    howpublished = {\url{http://www.bloomberg.com/news/articles/2014-10-31/cybersecurity-how-much-should-it-cost-your-small-business}}
}

@MISC{hack-cost,
    author = {Patrick Clark},
    title = {The Bill for Cybersecurity: $57,600 a Year},
    year = {October 31, 2014},
    howpublished = {\url{http://www.theglobeandmail.com/news/national/how-the-university-of-calgary-hack-wentdown/article30358657/}}
}

@MISC{ransomware,
    author = {Patrick Clark},
    title = {The Bill for Cybersecurity: $57,600 a Year},
    year = {October 31, 2014},
    howpublished = {\url{http://www.theglobeandmail.com/technology/ransomware-in-real-time-how-hackers-infiltrate-secured-systems/article30111818/}}
}

@MISC{pew,
    author = {Lee Rainie, Janna Anderson and Jennifer Connolly},
    title = {Cyber Attacks Likely to Increase},
    year = {October 29, 2014},
    howpublished = {\url{http://www.pewinternet.org/2014/10/29/cyber-attacks-likely-to-increase/}}
}

sec-salary
http://www.bloomberg.com/news/articles/2014-04-15/the-u-dot-s-dot-government-wants-6-000-new-cyberwarriors-by-2016

sec-short
https://www.bloomberg.com/news/articles/2014-06-22/cybersecurity-skills-shortage-looms-in-singapore-southeast-asia

sec-black
http://www.bloomberg.com/news/articles/2012-05-07/protect-your-companys-website-from-malware

vpn
http://www.theglobeandmail.com/technology/canadian-researcher-proposes-new-way-to-shut-down-netflix-content-tourists/article28640224/

@MISC{heat-health-canada,
    author = {KAREN McCOLL},
    title = {Climate change and health: Extreme heat a ‘silent’ killer},
    year = {April 30, 2014},
    howpublished = {\url{http://www.theglobeandmail.com/life/health-and-fitness/health/climate-change-and-health-extreme-heat-a-silent-killer/article18343936/}}
}

@MISC{heat-delaware,
    author = {US State of Delaware - Press Release/Statement},
    title = {Delaware Public Health Urges Residents to Take Additional Prevention Measures in Extreme Heat},
    year = {August 12th, 2016},
    howpublished = {\url{http://www.theglobeandmail.com/life/health-and-fitness/health/climate-change-and-health-extreme-heat-a-silent-killer/article18343936/}}
}

@MISC{heat-football,
    author = {US State of Delaware - Press Release/Statement},
    title = {Delaware Public Health Urges Residents to Take Additional Prevention Measures in Extreme Heat},
    year = {August 12th, 2016},
    howpublished = {\url{http://www.theglobeandmail.com/life/health-and-fitness/health/climate-change-and-health-extreme-heat-a-silent-killer/article18343936/}}
}


