% bib

@Misc{lung-pic,
OPTtitle = {Small Cell Cancer of the Lung},
OPThowpublished = {\url{}},
OPTmonth = {October},
OPTyear = {2016}
}
