@misc{blue-light,
	author = {Simon Hill},
    title = {Is blue light keeping you up at night? We ask the experts},
    year = {July 26, 2015},
    howpublished = {\url{http://www.digitaltrends.com/mobile/does-blue-light-ruin-sleep-we-ask-an-expert/}}
}
